@article{paliwal2020deep,
  title={Deep slow motion video reconstruction with hybrid imaging system},
  author={Paliwal, Avinash and Kalantari, Nima Khademi},
  journal={IEEE transactions on pattern analysis and machine intelligence},
  volume={42},
  number={7},
  pages={1557--1569},
  year={2020},
  publisher={IEEE}
}

@inproceedings{bao2019depth,
  title={Depth-aware video frame interpolation},
  author={Bao, Wenbo and Lai, Wei-Sheng and Ma, Chao and Zhang, Xiaoyun and Gao, Zhiyong and Yang, Ming-Hsuan},
  booktitle={Proceedings of the IEEE/CVF Conference on Computer Vision and Pattern Recognition},
  pages={3703--3712},
  year={2019}
}

@inproceedings{jiang2018super,
  title={Super slomo: High quality estimation of multiple intermediate frames for video interpolation},
  author={Jiang, Huaizu and Sun, Deqing and Jampani, Varun and Yang, Ming-Hsuan and Learned-Miller, Erik and Kautz, Jan},
  booktitle={Proceedings of the IEEE Conference on Computer Vision and Pattern Recognition},
  pages={9000--9008},
  year={2018}
}

@article{mueggler2017event,
  title={The event-camera dataset and simulator: Event-based data for pose estimation, visual odometry, and SLAM},
  author={Mueggler, Elias and Rebecq, Henri and Gallego, Guillermo and Delbruck, Tobi and Scaramuzza, Davide},
  journal={The International Journal of Robotics Research},
  volume={36},
  number={2},
  pages={142--149},
  year={2017},
  publisher={SAGE Publications Sage UK: London, England}
}

@article{xue2019video,
  title={Video enhancement with task-oriented flow},
  author={Xue, Tianfan and Chen, Baian and Wu, Jiajun and Wei, Donglai and Freeman, William T},
  journal={International Journal of Computer Vision},
  volume={127},
  number={8},
  pages={1106--1125},
  year={2019},
  publisher={Springer}
}

@article{baker2011database,
  title={A database and evaluation methodology for optical flow},
  author={Baker, Simon and Scharstein, Daniel and Lewis, JP and Roth, Stefan and Black, Michael J and Szeliski, Richard},
  journal={International journal of computer vision},
  volume={92},
  number={1},
  pages={1--31},
  year={2011},
  publisher={Springer}
}

@inproceedings{stoffregen2020reducing,
  title={Reducing the sim-to-real gap for event cameras},
  author={Stoffregen, Timo and Scheerlinck, Cedric and Scaramuzza, Davide and Drummond, Tom and Barnes, Nick and Kleeman, Lindsay and Mahony, Robert},
  booktitle={Computer Vision--ECCV 2020: 16th European Conference, Glasgow, UK, August 23--28, 2020, Proceedings, Part XXVII 16},
  pages={534--549},
  year={2020},
  organization={Springer}
}