@inproceedings{sun2018pwc,
  title={Pwc-net: Cnns for optical flow using pyramid, warping, and cost volume},
  author={Sun, Deqing and Yang, Xiaodong and Liu, Ming-Yu and Kautz, Jan},
  booktitle={Proceedings of the IEEE conference on computer vision and pattern recognition},
  pages={8934--8943},
  year={2018}
}
