@inproceedings{jiang2018super,
  title={Super slomo: High quality estimation of multiple intermediate frames for video interpolation},
  author={Jiang, Huaizu and Sun, Deqing and Jampani, Varun and Yang, Ming-Hsuan and Learned-Miller, Erik and Kautz, Jan},
  booktitle={Proceedings of the IEEE Conference on Computer Vision and Pattern Recognition},
  pages={9000--9008},
  year={2018}
}

@article{xu2019quadratic,
  title={Quadratic video interpolation},
  author={Xu, Xiangyu and Siyao, Li and Sun, Wenxiu and Yin, Qian and Yang, Ming-Hsuan},
  journal={arXiv preprint arXiv:1911.00627},
  year={2019}
}

@inproceedings{hur2019iterative,
  title={Iterative residual refinement for joint optical flow and occlusion estimation},
  author={Hur, Junhwa and Roth, Stefan},
  booktitle={Proceedings of the IEEE/CVF Conference on Computer Vision and Pattern Recognition},
  pages={5754--5763},
  year={2019}
}